<?xml version="1.0" encoding="UTF-8"?><record xmlns="http://www.loc.gov/MARC21/slim" xmlns:cinclude="http://apache.org/cocoon/include/1.0" xmlns:zs="http://www.loc.gov/zing/srw/">
  <leader>01401nz  a2200241n  4500</leader>
  <controlfield tag="001">nb2014006268</controlfield>
  <controlfield tag="003">DLC</controlfield>
  <controlfield tag="005">20140321050912.0</controlfield>
  <controlfield tag="008">140314n| azannaabn          |a aaa      </controlfield>
  <datafield tag="010" ind1=" " ind2=" ">
    <subfield code="a">nb2014006268</subfield>
  </datafield>
  <datafield tag="035" ind1=" " ind2=" ">
    <subfield code="a">(Uk)008979361</subfield>
  </datafield>
  <datafield tag="040" ind1=" " ind2=" ">
    <subfield code="a">Uk</subfield>
    <subfield code="b">eng</subfield>
    <subfield code="e">rda</subfield>
    <subfield code="c">Uk</subfield>
  </datafield>
  <datafield tag="046" ind1=" " ind2=" ">
    <subfield code="s">19</subfield>
  </datafield>
  <datafield tag="100" ind1="1" ind2=" ">
    <subfield code="a">Cleaver, Thomas McKelvey</subfield>
  </datafield>
  <datafield tag="370" ind1=" " ind2=" ">
    <subfield code="c">United States</subfield>
    <subfield code="c">California</subfield>
    <subfield code="f">Chino (Calif.)</subfield>
    <subfield code="2">naf</subfield>
  </datafield>
  <datafield tag="372" ind1=" " ind2=" ">
    <subfield code="a">Aeronautics</subfield>
    <subfield code="a">Aeronautics--History</subfield>
    <subfield code="a">Airplanes--Models</subfield>
    <subfield code="a">Motion picture authorship</subfield>
    <subfield code="2">lcsh</subfield>
  </datafield>
  <datafield tag="373" ind1=" " ind2=" ">
    <subfield code="a">Planes of Fame Air Museum</subfield>
  </datafield>
  <datafield tag="374" ind1=" " ind2=" ">
    <subfield code="a">Authors</subfield>
    <subfield code="a">Screenwriters</subfield>
    <subfield code="2">lcsh</subfield>
  </datafield>
  <datafield tag="375" ind1=" " ind2=" ">
    <subfield code="a">male</subfield>
  </datafield>
  <datafield tag="377" ind1=" " ind2=" ">
    <subfield code="a">eng</subfield>
  </datafield>
  <datafield tag="400" ind1="1" ind2=" ">
    <subfield code="a">McKelvey Cleaver, Thomas</subfield>
  </datafield>
  <datafield tag="670" ind1=" " ind2=" ">
    <subfield code="a">Aces of the 78th Fighter Group, 2013:</subfield>
    <subfield code="b">t.p. (Thomas McKelvey Cleaver), inside cover (Screenwriter who has written 12 produced motion pictures, and who holds both BA and MA degrees in History. He is a long-time contributor to such aviation publications as Air International, Air Enthusiast Quarterly, Air Force Magazine and Aviation History Magazine. He has been a Contributing Editor to Flight Journal since 1998 and is the author of the book Air Combat Annals. He is a historical consultant at The Air Museum, Planes of Fame, in Chino, California).</subfield>
  </datafield>
  <datafield tag="670" ind1=" " ind2=" ">
    <subfield code="a">Osprey Publishing website, viewed 14 March 2014:</subfield>
    <subfield code="b">author profile page (a published aviation writer for the past 35 years. He is Senior Contributing Editor to Modeling madness webzine)</subfield>
  </datafield>
</record>